

@book{江必新2005,
  title = {中国行政诉讼制度的完善： 行政诉讼法修改问题实务研究},
  author = {江必新},
  authortype={主编},
  date = {2005},
  publisher = {法律出版社},
}

@book{魏振瀛2017,
  title = {民法},
  edition={7},
  author = {魏振瀛},
  authortype={主编},
  date = {2017},
  publisher = {北京大学出版社 and 高等教育出版社},
}



@book{斯科特2018,
  title = {规制、治理与法律},
  author = {科林· 斯科特},
  author+an:nation={=Britain},
  translator={安永康},
  editor={宋华琳},
  editortype={校},
  date = {2018},
  publisher = {清华大学出版社},
}

@book{斯科特2018a,
  title = {规制、治理与法律},
  author = {科林· 斯科特},
  author+an:nation={=Britain},
  editor={{安永康译，宋华琳}},
  editortype={校},
  date = {2018},
  publisher = {清华大学出版社},
}


@book{江平2010,
  title = {沉浮与枯荣：八十自述},
  author = {江平},
  editor={陈夏红},
  editortype={整理},
  date = {2010},
  publisher = {法律出版社},
}

@book{沈家本1985,
  title = {历代刑法考},
  author = {沈家本},
  editor={邓经元 and 骈宇骞},
  editortype={点校},
  date = {1985},
  publisher = {中华书局},
}



@book{molc.0:01,
  title = {美国行政法},
  author = {王名扬},
  date = {2007},
  publisher = {北京大学出版社},
  PAGES={18},
}

@book{molc.0:02,
  title = {侵权责任法},
  author = {张新宝},
  date = {2016},
  edition = {4},
  publisher = {中国人民大学出版社},
  pages={73-75},
}

@book{molc.0:03,
  title = {英美法原论},
  editor = {高鸿钧 and 程汉大},
  editortype={主编},
  date = {2013},
  publisher = {北京大学出版社},
  chapter={第二章“英美判例法”},
}

@book{陈卫佐2015,
  title ={德国民法典},
  volume={（第 4 版）},
  author = {陈卫佐},
  authortype={译注},
  date = {2015},
  publisher = {法律出版社},
}

@book{何海波2018,
  title ={中外行政诉讼法汇编},
  author = {何海波},
  authortype={编},
  date = {2018},
  publisher = {商务印书馆},
}


@book{姚际恒1877,
  entrysubtype={classic},
  title ={古今伪书考},
  volume={卷三},
  author= {姚际恒},
  year={光绪三年（1877 年）},
  edition={苏州文学山房活字本}
}

@book{太平御览1985,
  entrysubtype={classic},
  title ={太平御览},
  volume={卷六九〇},
  publisher={中华书局},
  year={1985 年},
  edition={影印本，第 3 册，第 3080 页下栏}
}

@book{论语述而,
  title ={论语·述而篇},
}





@book{molc.0:04,
  title = {法律的道德性},
  author = {{[美]富勒}},
  translator = {郑戈},
  date = {2005},
  publisher = {商务印书馆},
}


@book{熊元翰1914,
  title = {京师地方审判厅法曹会判牍汇编·第一集民事},
  author = {熊元翰 and others},
  authortype={编},
  pages = {232-236},
  date = {1914},
  publisher = {京师地方审判厅},
  addendum={转引自北京记忆，\url{http://www.bjmem.com.cn/bjm/bjwh/zzfl/200711/t20071111_5953.html}}
}


@book{Quirk1981,
  title = {Industry Influence in Federal Regulatory Agencies},
  author = {Paul Quirk},
  date = {1981},
  publisher = {Princeton University Press},
}


@article{慕槐1995,
  title = {关于注释},
  author = {慕槐（贺卫方）},
  date = {1995}, 
  journaltitle = {法学研究},
  number = {2},
}


@article{李广宇2013,
  title = {行政诉讼法修改应关注十大问题},
  author = {李广宇 AND 王振宇 AND 梁凤云},
  date = {2013}, 
  journaltitle = {法律适用},
  number = {3},
}



@article{江必新2013,
  title = {完善行政诉讼制度的若干思考},
  author = {江必新},
  date = {2013}, 
  journaltitle = {中国法学},
  number = {1},
}




@article{Cohen1986,
  title = {The Dynamics of the “Revolving Door” on the FCC},
  author = {Jeffrey E. Cohen},
  date = {1986},
  journaltitle = {American Journal of Political Science},
  volume = {30},
  pages = {689},
}



@article{Kellogg2007,
  title = {“Courageous Explorers”? Education Litigation and Judicial Innovation in China},
  author = {Thomas Kellogg},
  date = {2007},
  journaltitle = {Harvard Human Rights Journal},
  volume = {20},
  pages = {141},
}


@article{顾颉刚1930,
  title = {五德终始说下的政治和历史},
  author = {顾颉刚},
  date = {1930},
  journaltitle = {清华学报},
  volume={6},
  number = {1},
  addendum = {后重刊于顾颉刚编著：《古史辨》（第 5 册），朴社 1935 年版（上海古籍出
版社 1982 年重印）},
}





@article{molc.0:05,
  title = {法律程序的意义：对中国法制建设的另一种思考},
  shorttitle = {法律程序的意义},
  author = {季卫东},
  date = {1993},
  journaltitle = {中国社会科学},
  number = {1},
  pages = {83--103},
}


@article{金俊银1988,
  title = {试论我国行政诉讼的范围},
  author = {金俊银 and 邱星美},
  date = {1988},
  journaltitle = {西北政法学院学报},
  number = {3},
}


@article{王和岩1988,
  title = {邓玉娇案尘埃落定},
  author = {王和岩},
  date = {2009},
  journaltitle = {财经},
  number = {13},
}


@article{姜明安1988,
  title = {行政诉讼立法的若干问题研究},
  author = {姜明安 and 刘凤鸣},
  date = {1988},
  journaltitle = {法律学习与研究},
  number = {3},
}

@inbook{邓小平1994,
  author = {邓小平},
  title = {精简机构是一场革命},
  booktitle = {邓小平文选},
  volume={（第 2 版第 2 卷）},
  date = {1994},
  publisher = {人民出版社},
}



@inproceedings{贺卫方2001,
  author = {贺卫方},
  title = {法律职业共同体的建构},
  publisher = {西北政法学院法学研究所“法律方法与法律思维”学术研讨会论文，2001 年 9 月 22-23 日于西安},
}



@incollection{河南高院2000,
  author = {河南省高级人民法院},
  title = {充分发挥上级法院的监督指导作用 推动全省行政审判工作健康发展},
  editor = {最高人民法院行政审判庭},
  editortype={编},
  booktitle = {中国行政审判研讨―― 99’全国法院行政审判工作会议材料汇编},
  date = {2000},
  publisher = {人民法院出版社},
}


@incollection{沈岿2000,
	author = {沈岿},
  title = {制度变迁与法官的规则选择：立足刘燕文案的初步探索},
  booktitle = {北大法律评论},
  date = {2000},
  volume = {第 3 卷第 2 辑},
  publisher = {法律出版社},
}




@incollection{molc.0:06,
  title = {股份有限公司机关构造中的董事和董事会},
  booktitle = {民商法论丛},
  author = {王保树},
  editor = {梁慧星},
  editortype={主编},
  date = {1994},
  volume = {1},
  pages = {110},
  publisher = {法律出版社},
}

@incollection{molc.0:07,
  title = {风险法的风险},
  booktitle = {风险规制：德国的理论与实践},
  author = {{[德]莱纳·沃尔夫}},
  editor = {刘刚},
  translator = {陈霄},
  date = {2012-10},
  publisher = {法律出版社},
  url = {https://book.douban.com/subject/20327000/},
  urldate = {2022-08-04},
  isbn = {978-7-5118-3904-6},
}
% == BibLateX quality report for molc.0:07:
% ? unused Library catalog ("Douban")

@newspaper{molc.0:08,
  title = {判决书上网},
  author = {何海波},
  date = {2000-05-21},
  journaltitle = {法制日报},
  pages = {2},
  langid = {chinese}
}

@article{molc.0:08a,
  entrysubtype = {newspaper},
  title = {判决书上网},
  author = {何海波},
  date = {2000-05-21},
  journaltitle = {法制日报},
  pages = {2},
  langid = {chinese}
}

@article{molc.0:08b,
  entrysubtype = {news},
  title = {判决书上网},
  author = {何海波},
  date = {2000-05-21},
  journaltitle = {法制日报},
  pages = {2},
  langid = {chinese}
}


@article{朱苏力1998,
  title = {制度是如何形成的？ —— 关于马歇尔诉麦迪逊案的故事},
  author = {朱苏力},
  date = {1998},
  number={1},
  journaltitle = {比较法研究},
}




@online{molc.0:09,
  title = {哈尔滨市政法机关正对“宝马案”认真调查复查},
  author = {汪波},
  date = {2004-01-10},
  url = {http://www.people.com.cn/GB/shehui/1062/2289764.html},
  urldate = {2022-05-03},
  organization = {人民网}
}

@online{molc.0:10,
  title = {被告人李宁、张磊贪污案一审开庭},
  url = {http://www.xinhuanet.com/legal/2019-12/31/c_1125406056.htm},
  organization = {新华网}
}
% == BibLateX quality report for molc.0:10:
% Exactly one of 'date' / 'year' must be present

@online{molc.0:11,
  title = {一名基层法官眼里好律师的样子},
  author = {赵耀彤},
  date = {2018-12-01},
  organization = {微信公众号“中国法律评论”}
}


@online{molc.0:12,
  entrysubtype={website},
  title = {法国行政法院网站},
  url = {http://english.conseil-etat.fr/Judging},
  urldate = {2016-12-18},
}


@video{袭警案2008,
  title = {上海袭警案再反思},
  version={中央电视台《新闻 1+1》 2008 年 7 月 17 日播出},
  url = {http://vsearch.cctv.com/plgs_play-CCTVNEWSprog_20080716_6386507.html},
}

@unpublished{访谈2000,
title = {笔者与×××访谈， 2000 年 3 月 22 日，《最高人民法院公报》编辑部},
}

@unpublished{邮件2002,
title = {王名扬教授给笔者的电子邮件},
date={2002-03-08}
}


@unpublished{行政庭2001,
author={上海市浦东新区人民法院行政庭},
title = {2001 年行政庭工作总结},
}


@unpublished{座谈会2009,
title = {全国人大法工委行政诉讼法修改座谈会， 2009 年 1 月 21 日， 河南大厦（北
京）},
}





@thesis{molc.0:13,
  type = {博士学位论文},
  title = {游走在上帝与凯撒之间：美国宪法第一修正案中的政教关系研究},
  shorttitle = {游走在上帝与凯撒之间},
  author = {李松锋},
  date = {2015},
  institution = {中国政法大学},
}


@legislation{王汉斌1989,
  title = {关于〈中华人民共和国行政诉讼法（草案）〉的说明},
  author = {王汉斌},
  number = {1989 年 3 月 28 日在七届全国人大二次会议上}
}


@archive{雷经天1943,
  title = {关于边区司法工作检查情形},
  volume={（1943 年 9 月 3 日）},
  author = {雷经天},
  publisher={陕西省档案馆藏陕甘宁边区高等法院档案},
  number = {档案号 15/149}
}



@legislation{molc.0:14,
  title = {民法总则},
  volume={第 27 条第 2 款第 3 项},
}


@legislation{molc.0:15,
  type = {regulation},
  title = {国务院关于在全国建立农村最低生活保障制度的通知},
%  author = {{国务院}},
  date = {2007-07-11},
  number = {国发〔2007〕19号},
%  url = {https://www.pkulaw.com/chl/dc46bb66e13150b8bdfb.html},
%  urldate = {2022-10-17},
}

@legislation{molc.0:15a,
  type = {regulation},
  title = {国务院关于在全国建立农村最低生活保障制度的通知},
  number = {国发〔2007〕19号},
%  author = {{国务院}},
%  url = {https://www.pkulaw.com/chl/dc46bb66e13150b8bdfb.html},
%  urldate = {2022-10-17},
}


@jurisdiction{molc.0:16,
  title = {包郑照诉苍南县人民政府强制拆除房屋案},
  number = {浙江省高级人民法院民事判决书（1988）浙法民上字 7 号},
}


@jurisdiction{molc.0:17,
  %type = {行政裁定书},
  title = {陆红霞诉南通市发改委政府信息公开案},
  date = {2015-07-06},
  journaltitle = {最高人民法院公报},
  number = {11},
  %institution = {江苏省南通市中级人民法院},
  %url = {https://www.pkulaw.com/pfnl/a25051f3312b07f383ab74a250eadc412f753fb855fabeadbdfb.html},
  %urldate = {2022-10-17},
  langid = {chinese},
  %annotation = {available-date: 2015 法宝引证码: CLI.C.7997435}
}


@article{molc.0:18,
  title = {The New Property},
  author = {Reich, Charles A.},
  date = {1964},
  journaltitle = {Yale Law Journal},
  shortjournal = {Yale Law J.},
  volume = {73},
  number = {5},
  pages = {731, 733--787},
  doi = {10.2307/794645},
  langid = {american}
}

@article{molc.0:19,
  entrysubtype = {magazine},
  title = {What Publicity Can Do},
  author = {Brandeis, Louis D.},
  date = {1913-12-20},
  journaltitle = {Harper's Weekly},
  pages = {10},
  langid = {american}
}

@book{molc.0:20,
  title = {To Steal a Book Is an Elegant Offense: {{Intellectual}} Property Law in {{Chinese}} Civilization},
  shorttitle = {To Steal a Book Is an Elegant Offense},
  author = {Alford, William},
  date = {1995},
  pages={98},
  publisher = {Stanford University Press},
  langid = {american}
}

@book{molc.14:16,
  title = {当代中国行政法的源流：王名扬教授九十华诞贺寿文集},
  shorttitle = {当代中国行政法的源流},
  editor = {{应松年} and {马怀德}},
  editortype={主编},
  date = {2006},
  publisher = {中国法制出版社},
}

@inbook{宋炉安2006,
  author={宋炉安},
  title={行政诉讼中的法律发现},
  booktitle = {当代中国行政法的源流：王名扬教授九十华诞贺寿文集},
  editor = {{应松年} and {马怀德}},
  editortype={主编},
  date = {2006},
  publisher = {中国法制出版社},
}

@book{马怀德2004,
  title = {司法改革与行政诉讼制度的完善},
  editor = {马怀德},
  editortype={主编},
  date = {2004},
  publisher = {中国政法大学出版社},
}



@article{molc.32:01,
  title = {现代行政法的理论基础——论行政机关与相对一方的权利义务平衡},
  shorttitle = {现代行政法的理论基础},
  author = {{罗豪才} and {袁曙宏} and {李文栋}},
  date = {1993},
  journaltitle = {中国法学},
  number = {1},
  pages = {52--59},
  issn = {1003-1707},
  doi = {10.14111/j.cnki.zgfx.1993.01.010},
  url = {https://www.cnki.net/kcms/detail/detail.aspx?dbcode=CJFD&dbname=CJFD1993&filename=ZGFX199301009&v=MDE4Njk5TE1ybzlGYllRS0RIODR2UjRUNmo1NE8zenFxQnRHRnJDVVI3aWZZK1pxRkNqbFZiN01QeXJOZHJLeEY=},
  urldate = {2022-07-25},
}


@book{molc.32:02,
  title = {近代中国宪政历程},
  author = {{夏新华} and {胡旭晟} and {刘鄂} and {甘正气} and {万利容} and {刘姗姗}},
  date = {2004-12-01},
  series = {二十世纪中华法学文丛},
  publisher = {中国政法大学出版社},
  url = {https://book.douban.com/subject/1663375/},
  urldate = {2022-09-03},
  isbn = {978-7-5620-2576-4},
  pagetotal = {1159}
}

@legislation{molc.58.2:02,
  title = {中华人民共和国刑法修正案（十）},
  shorttitle = {刑法修正案（十）},
  author = {{全国人大常委会}},
  date = {2017-11-04},
  number = {中华人民共和国主席令第80号},
  url = {https://www.pkulaw.com/chl/3ae7651e2659029abdfb.html},
  urldate = {2022-10-14},
  langid = {chinese},
  annotation = {法宝引证码: CLI.1.304263}
}


@legislation{molc.60.1:01,
  title = {中华人民共和国公司法},
  shorttitle = {公司法},
  author = {{全国人大常委会}},
  date = {2005-10-27},
  volume = {（2005年修订）第 36 条},
  url = {https://www.pkulaw.com/chl/e54c465cca59c137bdfb.html},
  urldate = {2022-10-14},
}


@legislation{缺点批复1998,
  title = {司法部关于人民法院在审理案件中如发现某单位在工作中存在缺点时不要用“个别裁定”应用“建议书”的批复},
  number = {〔56〕 司普字第 853 号， 载司法部编《中华人民共和国司法行政规章汇编（ 1949— 1985）》，法律出版社 1998 年版， 第 646 页},
}

@legislation{缺点批复1998a,
  title = {司法部关于人民法院在审理案件中如发现某单位在工作中存在缺点时不要用“个别裁定”应用“建议书”的批复},
  number = {〔56〕 司普字第 853 号},
}


@legislation{molc.60.2:01,
  type = {regulation},
  title = {最高人民法院、最高人民检察院关于依法严惩破坏计划生育犯罪活动的通知},
  author = {{最高人民法院} and {最高人民检察院}},
  date = {1993-11-12},
  number = {法发〔1993〕36号},
  url = {https://www.pkulaw.com/chl/98ef6bfbd5f5ecdebdfb.html},
  urldate = {2022-10-14},
  pubstate = {已废止},
}


@standard{molc.65:01,
  title = {信息与文献 参考文献著录规则},
  author = {{国家质量监督检验检疫总局} and {中国国家标准化管理委员会}},
  date = {2015},
  number = {GB/T 7714---2015},
}


@jurisdiction{molc.72:01,
  type = {民事判决书},
  title = {荣宝英诉王阳、永诚财产保险股份有限公司江阴支公司机动车交通事故责任纠纷案},
  date = {2013-02-08},
  journaltitle = {最高人民法院公报},
  series = {最高人民法院指导案例},
  number = {（2013）锡民终字第497号},
  institution = {江苏省无锡市中级人民法院},
  issue = {8},
}


@jurisdiction{molc.72:01a,
  title = {荣宝英诉王阳、永诚财产保险股份有限公司江阴支公司机动车交通事故责任纠纷案},
  number = {最高人民法院指导案例 24 号（ 2014 年）},
}


@jurisdiction{molc.73:01,
  title = {榆林市凯奇莱能源投资有限公司诉陕西省地质矿产勘查开发局西安地质矿产勘查开发院合作勘查合同纠纷上诉案},
  date = {2017-12-16},
  number = {最高人民法院（2011）民一终字第 81 号},
}


@article{molc.78:02,
  entrysubtype = {magazine},
  title = {Progress for a Small Planet},
  author = {Barbara Ward},
  date = {1979},
  journaltitle = {Harvard Business Review},
  pages = {89},
  url = {https://www.osti.gov/biblio/6023582},
  urldate = {2022-07-26},
  issue = {Sep.-Oct.1979},
  langid = {american}
}

@article{molc.78:03,
  title = {Behavioral Economics and the SEC},
  author = {Stephen J. Choi and Adam C. Pritchard},
  date = {2003},
  journaltitle = {Stanford Law Review},
  volume={56},
  number={1},
  pages = {1-73},
  langid = {american}
}


@newspaper{孙乾2014,
  title = {“民告官” 信访案件年超 400 万件},
  author = {孙乾},
  date = {2014-11-05},
  journaltitle = {京华时报},
  pages = {3},
}



@newspaper{molc.79:01,
  title = {White {House} Tutors {Kremlin} in How a Presidency Works},
  author = {Rosenthal, Andrew},
  date = {1990-06-15},
  journaltitle = {New York Times},
  pages = {A1},
  %issn = {0362-4331},
  %url = {https://www.nytimes.com/1990/06/15/world/white-house-tutors-kremlin-in-how-a-presidency-works.html},
  %urldate = {2022-07-26},
  %langid = {american}
}


@book{molc.80:02,
  title = {Between Facts and Norms: Contributions to a Discourse Theory of Law and Democracy},
  shorttitle = {Between Facts and Norms},
  author = {Habermas, Jürgen},
  translator = {Rehg, William},
  date = {1996-05-10},
  publisher = {MIT Press},
  isbn = {978-0-262-08243-3},
  pages = {330-336}
}


@incollection{molc.81:01,
  title = {Rule of Law in {{China}}: Incremental Progress},
  shorttitle = {Rule of Law in {{China}}},
  booktitle = {China: {{The}} Balance Sheet},
  author = {Horsley, Jamie},
  editor = {Bergsten, C. Fred and Gill, Bates and Lardy, Nicholas R. and Mitchell, Derek},
  date = {2006},
  publisher = {Public Affairs Press},
}

@legislation{molc.82:01,
  title = {Department of {{Transportation Act}}},
  number={Pub. L. No. 89-670, § 9, 80 Stat.},
  date = {1966},
  pages = {931, 944--947},
}


@legislation{molc.82:02,
  title = {Administrative {{Procedure Act}} § 6},
  date = {2006},
  number={5 U.S.C. §555},
}


@jurisdiction{molc.83:01-1,
  title = {Natural {{Resources Defense Council}} {\mkbibemph{v.}} {{Gorsuch}}},
  date = {1982},
  journaltitle = {F.2d},
  volume = {685},
  pages = {718},
  institution = {D.C. Cir.},
}

@jurisdiction{RvPanel1987,
  title = { R. \mkbibemph{v.} Panel on Take-overs and Mergers},
  journaltitle = {QB},
  volume = {[1987]},
  pages = {815},
}



@jurisdiction{Bradwell1892,
  title = {Bradwell {\mkbibemph{v.}} Illionois},
  date = {1892},
  journaltitle = {U.S.},
  volume = {83},
  pages = {130, 141},
  langid = {american}
}



@jurisdiction{molc.83:01-2,
  title = {Chevron {{U}}.{{S}}.{{A}}., {{Inc}}. {\mkbibemph{v.}} {{Natural Resources Defense Council}}},
  date = {1984},
  journaltitle = {U.S.},
  volume = {467},
  pages = {837},
  langid = {american}
}


@jurisdiction{molc.83:02,
  title = {Roe {\mkbibemph{v.}} {{Wade}}},
  date = {1973},
  journaltitle = {U.S.},
  volume = {410},
  pages = {113},
}


@jurisdiction{molc.83:03,
  title = {United {{States}} {\mkbibemph{v.}} {{Dino Nastasi}} et al.},
  number = {No. 3:15-cr-00213-FDW-DCK (W.D. North Carolina)},
}


@online{molc.85:01,
  title = {When {{China}} Began Streaming Trials Online},
  author = {McDonell, Stephen},
  date = {2016-09-30},
  url = {https://www.bbc.com/news/blogs-china-blog-37515399},
  urldate = {2022-07-26},
  organization = {BBC News}
}

@book{molc.86.1:01,
  title = {L’État de droit},
  author = {Chevallier, Marc},
  date = {2003},
  edition = {4},
  publisher = {Montchrestien},
  location = {Paris},
  url = {https://www.decitre.fr/livres/l-etat-de-droit-9782707613714.html},
  language = {french}
}

@article{molc.86.2:01,
  title = {Le droit de la mer},
  author = {Poisson, Marc},
  date = {2015},
  journaltitle = {RGDIP},
  pages = {15--47},
  language = {french}
}

@article{molc.86.2:02,
  title = {La promotion esthétique du pathétique dans la seconde moitié du XVIIe siècle},
  author = {Badiou-Monferran, Claire},
  date = {1997},
  journaltitle = {La Licorne},
  shortjournal = {Licorne},
  number = {43},
  pages = {75--94},
  language = {french}
}

@incollection{molc.86.3:01,
  title = {Le droit de la mer},
  booktitle = {Le droit des Océans},
  author = {Poisson, Marc},
  date = {2015},
  edition = {Éditions de la mer},
  pages = {12--48},
  language = {french}
}


@report{molc.86.4:01,
  title = {Le droit de la mer en Méditerranée},
  author = {Poisson, Marc},
  date = {2016-07},
  pages = {228--229},
  institution = {Congrès de Marseille},
  language = {french}
}


@report{molc.86.5:01,
  type = {Rapport de recherche de l’IFREMER},
  title = {Le droit de la mer en Méditerranée},
  author = {Poisson, Marc},
  date = {2016-08},
  number = {1202},
  language = {french}
}


@thesis{molc.86.6:01,
  type = {Thèse de doctorat},
  title = {Le droit de la mer appliqué à la Méditerranée},
  author = {Poisson, Marc},
  date = {2016-06-17},
  institution = {l’Université de Marseille},
  language = {french}
}

@online{molc.89:01,
  title = {L’histoire de l’art et le quantitatif},
  author = {Joyeux-Prunel, Béatrice},
  url = {http://histoiremesure.revues.org/index3543.html},
  urldate = {2010-03-17},
  language = {french},
  organization = {Histoire \& mesure, vol. XXIII, n° 2, 2008}
}


@article{molc.91.1:01,
  title = {Rechtsgüterschutz und Normgeltung},
  author = {Vogel, Benjamin},
  date = {2017-12-20},
  journaltitle = {Zeitschrift für die gesamte Strafrechtswissenschaft},
  shortjournal = {ZStW},
  volume = {129},
  number = {3},
  pages = {629--649},
  issn = {1612-703X},
  doi = {10.1515/zstw-2017-0033},
  url = {https://www.degruyter.com/document/doi/10.1515/zstw-2017-0033/html?lang=de},
  urldate = {2022-07-26},
  langid = {ngerman}
}

@article{molc.91.1:02,
  title = {Über Radarwarngeräte und die Zukunft des Europäischen Privatrechts},
  author = {Würdinger, Markus},
  date = {2012},
  journaltitle = {Juristische Schulung},
  shortjournal = {Jurist. Schul.},
  number = {3},
  pages = {234--240},
  publisher = {Verlag C.H. Beck},
  issn = {0022-6939},
  url = {https://dialnet.unirioja.es/servlet/articulo?codigo=3906259},
  urldate = {2022-07-26},
  langid = {ngerman}
}


@article{molc.91.2:01,
  entrysubtype = {newspaper},
  title = {Absurdes Spektakel um den Tod},
  author = {Fischer, Thomas},
  date = {2015-09-29},
  journaltitle = {Die Zeit},
  langid = {ngerman}
}

@book{molc.91.3:01,
  title = {Strafrecht Allgemeiner Teil},
  shorttitle = {Strafrecht},
  author = {Roxin, Claus},
  date = {2006},
  edition = {4},
  volume = {1},
  publisher = {C. H. Beck},
  isbn = {978-3-406-53071-5},
  langid = {ngerman},
  pagetotal = {1136}
}


@book{molc.91.3:02,
  title = {Rechtsphilosophie Studienausgabe},
  editor = {Dreier, Ralf and Paulson, Stanley},
  date = {2003-11-01},
  edition = {2},
  publisher = {UTB Uni-Taschenbücher Verlag},
  location = {Heidelberg},
  isbn = {978-3-8252-2043-3},
  langid = {ngerman},
  pagetotal = {286}
}


@incollection{molc.91.4:01,
  booktitle = {Münchener Kommentar BGB},
  author = {Schwab, Martin},
  date = {2013},
  edition = {6},
  volume = {5},
  url = {https://beck-online.beck.de/?vpath=bibdata%2Fkomm%2FMuekoBGB_Band5%2FBGB%2Fcont%2FMuekoBGB.BGB.P817.T0.htm},
  langid = {ngerman}
}


@incollection{molc.91.5:01,
  title = {Bemerkungen zur Reform des § 218 StGB aus rechtsphilosophischer Sicht},
  booktitle = {Das Abtreibungsverbot des § 218 StGB},
  author = {Kaufmann, Arthur},
  editor = {Baumann, Jürgen},
  date = {1972},
  edition = {2},
  langid = {ngerman}
}

@incollection{molc.91.6:01,
  title = {Gesamtunwirksamkeit und Teilgültigkeit rechtsgeschäftlicher Regelungen},
  author = {Canaris, Claus-Wilhelm},
  date = {1990},
  series = {FS-Steindorff},
  langid = {ngerman},
  annotation = {为祝贺文集}
}


@legislation{molc.92:01,
  title = {StGB § 32 II},
  langid = {ngerman}
}


@legislation{molc.92:02,
  title = {StPO § 58a I Nr. 2},
  langid = {ngerman}
}


@legislation{molc.92:03,
  title = {GG Art. 2 II},
  langid = {ngerman}
}


@jurisdiction{molc.93:01,
  title = {Strauß-Karikatur, Kunstfreiheit},
  journaltitle = {BVerfGE},
  volume = {75},
  pages = {369},
  langid = {ngerman}
}


@jurisdiction{molc.93:02,
  date = {1999},
  journaltitle = {NStZ-RR},
  pages = {185},
  institution = {BGH},
  langid = {ngerman}
}


@jurisdiction{molc.93:03,
  date = {2000},
  journaltitle = {NJW},
  pages = {1560},
  institution = {BGH},
  langid = {ngerman}
}


@online{molc.94:01,
  title = {Wissenschaftliches Publizieren},
  author = {Meidenbauer, Martin},
  url = {https://www.clio-online.de/sites/files/clio/portal-archiv/site/lang_de/40208143/Default-2.html},
  urldate = {2017-10-10},
  langid = {ngerman}
}


@book{molc.96.1:01,
  title = {新訂担保物権法},
  author = {{我妻栄}},
  date = {1971},
  series = {民法講義},
  number = {3},
  publisher = {有斐閣},
  language = {japanese}
}

@book{molc.96.1:02,
  title = {民法総則物権法},
  author = {{我妻栄} and {有泉亨}},
  date = {1950},
  series = {法律学体系·コンメンタール篇},
  publisher = {日本評論社},
  language = {japanese}
}

@article{molc.96.2:01,
  title = {付加物及び従物と抵当権},
  author = {{於保不二雄}},
  date = {1954},
  journaltitle = {民商法雑誌},
  volume = {29},
  number = {5},
  pages = {1},
  url = {https://dl.ndl.go.jp/info:ndljp/pid/3564970?tocOpened=1},
  language = {japanese}
}

@incollection{molc.96.3:01,
  title = {一時所得の要件に関する覚書},
  booktitle = {租税法と市場},
  author = {{佐藤英明}},
  editor = {{金子宏} and {中里実} and {J.マーク・ラムザイヤー}},
  date = {2014},
  pages = {220},
  publisher = {有斐閣},
  language = {japanese}
}

@jurisdiction{molc.97:01,
  title = {信玄公旗掛松事件},
  date = {1919-03-03},
  journaltitle = {大審院民事判決録},
  volume = {25},
  pages = {356},
  institution = {大審院},
  url = {https://ja.wikipedia.org/wiki/信玄公旗掛松事件},
  language = {japanese}
}


@jurisdiction{molc.97:02,
  title = {約束手形金},
  date = {1982-07-15},
  journaltitle = {最高裁判所民事判例集},
  volume = {36卷6号},
  pages = {1113},
  institution = {最高裁判所},
  url = {https://www.courts.go.jp/app/hanrei_jp/detail2?id=55158},
  language = {japanese}
}


@legislation{molc.98:01,
  title = {動産及び債権の譲渡の対抗要件に関する民法の特例に関する法律},
  url = {https://elaws.e-gov.go.jp/document?lawid=410AC0000000104_20220401_503AC0000000037},
  language = {japanese}
}


@misc{molc.99:01,
  title = {平成26年版犯罪白書},
  url = {https://hakusyo1.moj.go.jp/jp/61/nfm/mokuji.html},
  language = {japanese}
}


@online{molc.99:99,
  title = {ジュリスト},
  url = {http://www.yuhikaku.co.jp/jurist},
  urldate = {2022-09-01},
  language = {japanese}
}


@incollection{molc2019.0:07,
  title = {千方百计上京城：清朝的京控},
  shorttitle = {千方百计上京城},
  booktitle = {美国学者论中国法律传统},
  author = {{[美]欧中坦}},
  editor = {高道蕴 and 高鸿钧 and 贺卫方},
  editortype={编},
  translator = {{谢鹏程}},
  date = {1994},
  publisher = {中国政法大学出版社},
}

@online{molc2019.0:10,
  title = {温家宝主持国务院会议 研究房地产业健康发展措施},
  url = {http://news.xinhuanet.com/newscenter/2006-05/17/content_4562304.htm},
  langid = {chinese},
  organization = {新华网}
}



@BOOK{李四1991--,
  AUTHOR = {李四},
  PUBLISHER = {经济出版社},
  DATE = {1991},
  TITLE = {论经济},
  key={li3}
}

@book{胡长清1997,
  title={中国民法总论},
  author={胡长清},
  authortype={著},
  publisher={中国民法总论},
  year={1997},
  pages={20},
}

@book{张新宝2006,
	title = {侵权责任法},
	publisher = {中国人民大学出版社},
	author = {张新宝},
	date = {2006},
}

@book{Polo1997,
	location = {Hertfordshire},
	title = {The travels of Marco Polo},
	publisher = {Cumberland House},
	author = {Polo, Marco},
	translator = {Marsden, William},
	date = {1997},
}


@article{季卫东1993,
	title = {法律程序的意义：对中国法制建设的另一种思考},
	number = {1},
	journaltitle = {中国社会科学},
	author = {季卫东},
	date = {1993},
}

@article{Chamberlain1993,
	title = {On the search for civil society in China},
	volume = {19},
	doi = {10.1177/009770049301900206},
	pages = {199--215},
	number = {2},
	journaltitle = {Modern China},
	shortjournal = {Mod. China},
	author = {Chamberlain, Heath B.},
	date = {1993-04},
}


@inproceedings{任东来2009,
	location = {天津},
	title = {对国际体制和国际制度的理解和翻译},
	booktitle = {全球化与亚太区域化国际研讨会},
	pages = {9},
	author = {任东来},
    date={2009},
    editor={赵玮},
    editortype={editor},
    publisher={西安电子科技大学出版社}
}



@incollection{Schfield1983,
	title = {The impact of scarcity and plenty on population change in England},
	shorttitle = {Hunger and History},
	pages = {55--88},
	booktitle = {Hunger and history: The impact of changing food production and consumption pattern on society},
    location = {Cambridge, Mass.},
	publisher = {Cambridge University Press},
	author = {Schfield, R. S.},
	editor = {Rotberg, R. I. and Rabb, T. K.},
    editortype={editor},
	date = {1983},
}


@inproceedings{萨利斯2000,
	author = {萨利斯}, %[美]萨利斯
    author+an:nation={=American},
    title = {想象的真理},
    editor={安东尼·弗卢 and others}, %[英]
    editor+an:nation={=Britain},
    editortype={著},
    booktitle = {西方哲学演讲录},
    translator={李超杰},
    publisher={商务印书馆},
    date={2000},
    pages = {112},
}



@newspaper{余建斌2013,
  author  = {余建斌},
  date    = {2013-01-12},
  journal = {人民日报},
  number  = {2},
  title   = {我们的科技一直在追赶: 访中国工程院院长周济},
  year    = {2013},
}


@book{庄子天下,
title={庄子·天下},
}

@book{尚书皋陶谟,
entrysubtype={classic},
title={尚书·皋陶谟},
}


@book{尚书泰誓,
entrysubtype={classic},
title={尚书·泰誓},
}



@book{Bickel1962,
	author={Alexander Bickel},
	title = {The Least Dangerous Branch: The Supreme Court at the Bar of Politics},
	publisher = {Yale University Press},
	date = {1962},
    pages={16-28}
}




@book{汉语词典,
	location = {北京},
	edition = {修订本},
	title = {现代汉语词典},
	publisher = {商务印书馆},
	date = {1996},
    pages={24}
}


@online{扬之水2007,
	title = {两宋茶诗与茶事},
	author = {扬之水},
	urldate = {2007-09-13},
    url = {http://www.literature.org.cn/Article.asp?ID=199},
	langid = {pinyin},
}


@thesis{李松锋2015,
	title = {游走在上帝与凯撒之间：美国宪法第一修正案中的政教关系研究},
	institution = {中国政法大学},
	type = {博士学位论文},
	author = {李松锋},
	date = {2015},
}


% (APA 11.4 Example 1)
@JURISDICTION{11.4:1,
  TITLE         = {Brown v. Board of Education},
  CITATION      = {347 U.S. 483},
  URL           = {http://www.oyez.org/cases/1940-1955/347us483},
  DATE          = {1954}
}

% (APA 11.4 Example 2)
@JURISDICTION{11.4:2,
  TITLE         = {Obergefell v. Hodges},
  CITATION      = {576 U.S. \_\_\_},
  URL           = {https://www.supremecourt.gov/opinions/14pdf/14-556_3204.pdf},
  DATE          = {2015}
}

% (APA 11.4 Example 3)
% court/date which applies to the entire CITATION list can be given in the
% ORGANIZATION and DATE fields
@JURISDICTION{11.4:3,
  TITLE         = {Daubert v. Merrell Dow Pharmaceuticals, Inc.},
  CITATION      = {951 F.2d 1128},
  ORGANIZATION  = {9th Cir.},
  URL           = {https://openjurist.org/951/f2d/1128/william-dabert-v-merrell-dow-pharmaceuticals},
  DATE          = {1991}
}

% (APA 11.4 Example 4)
@JURISDICTION{11.4:4,
  TITLE         = {Burriola v. Greater Toledo YMCA},
  CITATION      = {133 F.Supp.2d 1034},
  ORGANIZATION  = {N.D. Ohio},
  URL           = {https://law.justia.com/cases/federal/district-courts/FSupp2/133/1034/2293141/},
  DATE          = {2001}
}

% (APA 11.4 Example 5)
% For courts and years attached to specific elements of the citation list,
% don't use ORGANIZATION/DATE, use literal citeorg/citedate annotations
% use the citeinfo annotation with the special annotation value "appeal" for
% any affirmed/repealed status in the citatation list
% DATE/ORIGDATE are also included to make citations work
@JURISDICTION{11.4:5,
  TITLE                = {Durflinger v. Artiles},
  CITATION             = {563 F.Supp. 332 and aff'd and 727 F.2d 888},
  CITATION+an:citeorg  = {1="D. Kan.";3="10th Cir."},
  CITATION+an:citedate = {1="1981";3="1984"},
  CITATION+an:citeinfo = {2=appeal},
  URL                  = {https://openjurist.org/727/f2d/888/durflinger-v-artiles},
  DATE                 = {1984},
  ORIGDATE             = {1981}
}

% (APA 11.4 Example 6)
@JURISDICTION{11.4:6,
  TITLE                = {Tarasoff v. Regents of the University of California},
  CITATION             = {17 Cal.3d 425 and 131 Cal. Rptr. 14 and 551 P.2d 334},
  URL                  = {https://www.casebriefs.com/blog/law/torts/tors-keyed-to-dobbs/the-duty-to-protect-from-third-persons/tarasoff-v-regents-of-university-of-california},
  DATE                 = {1976}
}

% (APA 11.4 Example 7)
@JURISDICTION{11.4:7,
  TITLE                = {Texas v. Morales},
  CITATION             = {826 S.W.2d 201},
  CITATION+an:citeorg  = {1="Tex. Ct. App."},
  CITATION+an:citedate = {1="1992"},
  URL                  = {https://www.leagle.com/decision/19921027826sw2d20111010},
  DATE                 = {1992}
}

% (APA 11.5 Example 8)
% Notice the use of TITLEADDON here as this shouldn't appear in the
% citation and so can't be in TITLE - the 11.5 APA section is inconsistent here
@LEGISLATION{11.5:8,
  TITLE                = {American With Disabilities Act},
  TITLEADDON           = {of 1990},
  LOCATION             = {42 U.S.C § 12101 \emph{et seq.}},
  URL                  = {https://www.ada.gov/pubs/adastatute08.htm},
  DATE                 = {1990}
}

% (APA 11.5 Example 9)
% Notice the use of TITLEADDON here as this shouldn't appear in the
% citation and so can't be in TITLE - the 11.5 APA section is inconsistent here
@LEGISLATION{11.5:9,
  TITLE                = {Civil Rights Act},
  TITLEADDON           = {of 1964},
  LOCATION             = {Pub. L. No. 88--352, 78 Stat. 241},
  URL                  = {https://www.govinfo.gov/content/pkg/STATUE-78/pdf/STATUTE-78-Pg241.pdf},
  DATE                 = {1964}
}

% (APA 11.5 Example 10)
@LEGISLATION{11.5:10,
  TITLE                = {Every Student Succeeds Act},
  LOCATION             = {20 U.S.C § 6301},
  URL                  = {https://www.congress.gov/114/plaws/publ95/PLAW-114publ95.pdf},
  DATE                 = {2015}
}

% (APA 11.5 Example 11)
@LEGISLATION{11.5:11,
  TITLE                = {Lilly Leadbetter Fair Play Act},
  TITLEADDON           = {of 2009},
  LOCATION             = {Pub. L. No. 111-2, 123 Stat. 5},
  URL                  = {https://www.govinfo.gov/content/pkg/PLAW-111publ2/pdf/PLAW-111publ2.pdf},
  DATE                 = {2009}
}

% (APA 11.5 Example 12)
@LEGISLATION{11.5:12,
  TITLE                = {Patsy Mink Equal Opportunity in Education Act},
  LOCATION             = {20 U.S.C § 1681 \emph{et seq.}},
  URL                  = {https://www.justice.org/crt/title-ix-education-amendments-1972},
  DATE                 = {1972}
}

% (APA 11.5 Example 13)
@LEGISLATION{11.5:13,
  TITLE                = {Florida Mental Health Act},
  LOCATION             = {Fla. Stat. § 394},
  URL                  = {http://www.leg.state.fl.us/statues/index.cfm?App_mode=Display_Statute&URL=0300-0399/0394/0394.html},
  DATE                 = {2009},
  ORIGDATE             = {1971}
}

% (APA 11.6 Example 14)
@LEGMATERIAL{11.6:14,
  TITLE                = {Federal Real Property Reform},
  SUBTITLE             = {How cutting red tape and better management count
                          achieve billions in savings, U.S. Senate
                          Committee on Homeland Security and Governmental Affairs},
  LOCATION             = {114th Cong.},
  NOTE                 = {testimony of Norman Dong},
  URL                  = {http://www.gsa.gov/portal/content/233107},
  DATE                 = {2016}
}

% (APA 11.6 Example 15)
% Note the use of SHORTTITLE to use a shortened title in citations
@LEGMATERIAL{11.6:15,
  TITLE                = {Strengthening the Federal Student Loan Program
                          for Borrowers},
  SUBTITLE             = {Hearing before the U.S. Senate Committee on
                          Health, Education, Labor \& Pensions},
  SHORTTITLE           = {Strengthening the Federal Student Loan Program},
  LOCATION             = {113th Cong.},
  URL                  = {https://www.help.senate.gov/hearings/strengthening-the-federal-student-load-program-for-borrowers},
  DATE                 = {2014}
}

% (APA 11.6 Example 16)
@LEGISLATION{11.6:16,
  TITLE                = {Mental Health on Campus Improvement Act},
  LOCATION             = {H.R 1100, 113th Cong.},
  URL                  = {https://www.congress.gov/bill/113th-congress/house-bill/1100},
  DATE                 = {2013}
}

% (APA 11.6 Example 17)
@LEGMATERIAL{11.6:17,
  SOURCE               = {senate},
  TYPE                 = {resolution},
  NUMBER               = {438},
  LOCATION             = {114th Cong. and 162 Cong. Rec. 2394},
  NOTE                 = {enacted},
  URL                  = {https://www.congress.gov/congressional-record/2016/04/21/senate-section/article/S2394-2},
  DATE                 = {2016}
}

% (APA 11.6 Example 18)
@LEGMATERIAL{11.6:18,
  SOURCE               = {houseofrepresentatives},
  TYPE                 = {report},
  NUMBER               = {114-358},
  URL                  = {https://www.gpo.gov/fdsys/pkg/CRPT-114rpt358/pdf/CRPT-114hrpt358.pdf},
  DATE                 = {2015}
}

% (APA 11.7 Example 19)
@LEGADMINMATERIAL{11.7:19,
  TITLE                = {Protection of Human Subjects},
  CITATION             = {45 C.F.R. § 46},
  URL                  = {https://www.hhs.gov/ohrp/sites/default/files/ohrp/policy/ohrpregulations.pdf},
  DATE                 = {2009}
}

% (APA 11.7 Example 20)
% Note the use of SHORTTITLE to use a shortened title in citations
@LEGADMINMATERIAL{11.7:20,
  TITLE                = {Defining and Delimiting the Exemptions for
                          Executive, Administrative, Professional, Outside
                          Sales and Computer Employees},
  SHORTTITLE           = {Defining and Delimiting},
  CITATION             = {81 F.R. 32391},
  URL                  = {https://www.federalregister.gov/articles/2016/05/23/2016-11754/defining-and-delimiting-the-exemptions-for-executive-administrative-professional-outside-sales-and},
  NOTE                 = {to be codified at 29 C.F.R. § 541},
  KEYWORDS             = {proposed},
  DATE                 = {2016-05-23}
}

% (APA 11.7 Example 21)
@LEGADMINMATERIAL{11.7:21,
  TYPE                 = {execorder},
  NUMBER               = {13,676},
  CITATION             = {3 C.F.R. 294},
  URL                  = {https://www.govinfo.gov/content/pkg/CFR-2015-title3-vol1/pdf/CFR-2015-title3-vol1-eo13676.pdf},
  DATE                 = {2014}
}